

@article{price,
  author = {D. Price},
  title = {Smoothed Particle Hydrodynamics and Magnetohydrodynamics},
  journal = {Journal of Computational Physics},
  volume = {231},
  pages = {759–794},
  year = {2012},
}

@article{monaghan_ARFM,
  author = {J.J.Monaghan},
  title = {Smoothed Particle Hydrodynamics and it’s Diverse Applications},
  journal = {Annual Reviews of Fluid Mechanics},
  volume = {44},
  pages = {323-346},
  year = {2012},
}

@article{volker_springel,
  author = {Volker Springel},
  title = {Smoothed Particle Hydrodynamics in Astrophysics},
  journal = {Annual reviews of Astronomy and Astrophysics},
  volume = {48},
  pages = {391–430},
  year = {2010},
}

@article{monaghan_physics,
  author = {J.J.Monaghan},
  title = {Smoothed Particle Hydrodynamics},
  journal = {Reports on Progress in Physics},
  volume = {68},
  pages = {1703-1759},
  year = {2005},
}

@article{gingold_monaghan,
  author = {R.A.Gingold and J.J.Monaghan},
  title = {Smoothed Particle Hydrodynamics: Theory and Application to Non-Spherical Stars},
  journal = {Monthly Notices of the Royal Astronomical Society},
  volume = {181},
  pages = {371-385},
  year = {1977},
}

@article{monaghan_intro,
  author = {J.J.Monaghan},
  title = {An Introduction to SPH},
  journal = {Computer Physics Communications},
  volume = {48},
  pages = {89-96},
  year = {1988},
}

@article{mishra,
  author = {B.K.Mishra},
  title = {A review of computer simulation of tumbling mills by the discrete element method: Part I—contact mechanics},
  journal = {International Journal of Mineral Processing},	
  volume = {71},
  pages = {73–93},
  year = {2003},
}


@inproceedings{prabhu_puri,
 author = {Prabhu Ramachandran and Kunal Puri},
 title = {PySPH: A framework for parallel particle simulations},
 booktitle = {proceedings of the 3rd International Conference on Particle-Based Methods (Particles 2013)},
 year = {18th September 2013},
 location = {Stuttgart, Germany},
}


@article{python,
  author = {H.P. Langtangen},
  title = {Python Scripting for Computational Science},
  journal = {Journal of Computational Physics},
  volume = {3},
  year = {2009},
  ISBN = {3540739157}
}


@article{cython,
  author = {{S. Behnel} and {R. Bradshaw} and {C. Citro} and {L. Dalcin} and {D. Seljebotn} and {K. Smith}},
  title = {Cython: The best of both worlds},
  journal = {Computing in Science Engineering},
  volume = {13},
  no={2},
  pages={31-39},
  year = {2011}
}

@article{PyOpenCL,
  author = {{A. Kl{\"o}ckner} and {N. Pinto} and {Y. Lee} and {L. Dalcin} and {D. B. Catanzaro} and {P. Ivanov} and {A. Fasih}},
  title = {PyCUDA and PyOpenCL: A Scripting Based Approach to GPU Run-Time Code Generation},
  journal = {Parallel Computing},
  volume = {38},
  no={3},
  pages={157-174},
  year = {2012}
}


@article{mpi4py,
  author = {{L. Dalcin} and {L. Dalcin} and {P. Kler} and {R. Paz} and {A. Cosimo}},
  title = {Parallel Distributed Computing using Python},
  journal = {Advances in Water Resources},
  volume = {34},
  no={9},
  pages={1124-1139},
  year = {2011}
}

@article{zoltan,
  author = {{Karen Devine} and {Erik Boman} and {Robert Heaphy} and {Bruce Hendrickson} and {Courtenay Vaughan}},
  title = {Zoltan Data Management Services for Parallel Dynamic Applications},
  journal = {Computing in Science and Engineering},
  volume = {4},
  pages={90-97},
  year = {2002}
}

@book{sph:Volieu,
  author = {Damien J. Volieu},
  title = {Fluid Mechanics and the SPH Method: Theory and Applications},
  edition = {First},
  publisher = {Oxford University Press},
  address = {Great Clarendon Street, Oxford, OX2 6DP, United Kingdom},
  year = {2012},
}

@article{cjlin:libsvm,
 author = {Chang, Chih-Chung and Lin, Chih-Jen},
 title = {LIBSVM: A Library for Support Vector Machines},
 journal = {ACM Trans. Intell. Syst. Technol.},
 issue_date = {April 2011},
 volume = {2},
 number = {3},
 month = may,
 year = {2011},
 issn = {2157-6904},
 pages = {27:1--27:27},
 articleno = {27},
 numpages = {27},
 url = {http://doi.acm.org/10.1145/1961189.1961199},
 doi = {10.1145/1961189.1961199},
 acmid = {1961199},
 publisher = {ACM},
 address = {New York, NY, USA},
 keywords = {Classification LIBSVM optimization regression support vector machines SVM},
} 
